<mx:record xmlns="http://www.w3.org/TR/xhtml1/strict" xmlns:mx="http://www.loc.gov/MARC21/slim" xmlns:xsi="http://www.w3.org/2001/XMLSchema-instance"><mx:leader>00000nz   2200000n  0000</mx:leader><mx:controlfield tag="001">oca03853898 </mx:controlfield><mx:controlfield tag="005">19950609052832.4</mx:controlfield><mx:controlfield tag="008">950607n| acannaab|          |a aaa     c</mx:controlfield><mx:datafield ind1=" " ind2=" " tag="010"><mx:subfield code="a">nr 95021129</mx:subfield></mx:datafield><mx:datafield ind1=" " ind2=" " tag="040"><mx:subfield code="a">NNC</mx:subfield><mx:subfield code="c">NNC</mx:subfield></mx:datafield><mx:datafield ind1="0" ind2=" " tag="100"><mx:subfield code="a">Volcacius Sedigitus,</mx:subfield><mx:subfield code="d">fl. 100 B.C.</mx:subfield></mx:datafield><mx:datafield ind1="1" ind2=" " tag="400"><mx:subfield code="a">Sedigitus, Volcacius,</mx:subfield><mx:subfield code="d">fl. 100 B.C.</mx:subfield></mx:datafield><mx:datafield ind1=" " ind2=" " tag="670"><mx:subfield code="a">His Carmina [CF] 1991:</mx:subfield><mx:subfield code="b">PHI CD ROM #5.3, Latin Canon, bibliographic screen (Volcacius Sedigitus)</mx:subfield></mx:datafield><mx:datafield ind1=" " ind2=" " tag="670"><mx:subfield code="a">Oxford class. dict., 1st ed.:</mx:subfield><mx:subfield code="b">p. 953 (Volcacius Sedigitus; fl. c. 100 B.C.; author of thirteen senarii)</mx:subfield></mx:datafield><mx:datafield ind1=" " ind2=" " tag="670"><mx:subfield code="a">Pauly-Wissowa:</mx:subfield><mx:subfield code="b">2. Reihe, 17. Halbbd., col. 742-754; &amp;#034;Volcacius&amp;#034;, #6 (Volcacius Sedigitus; author of a didactic poem of literary historical value)</mx:subfield></mx:datafield><mx:datafield ind1=" " ind2=" " tag="670"><mx:subfield code="a">The Fragmentary Latin poets, 1992:</mx:subfield><mx:subfield code="b">p. 93 (Volcacius Sedigitus; nothing is known of the man except that Pliny the Elder states that he got his cognomen because he was born with six fingers on each hand)</mx:subfield></mx:datafield><mx:datafield ind1=" " ind2=" " tag="675"><mx:subfield code="a">NUC pre-56.</mx:subfield></mx:datafield></mx:record>